@misc{INMET,
  author = {INMET},
  title = {Instituto Nacional de Meteorologia},
  howpublished = {\url{http://www.inmet.gov.br/portal/}},
  note = {Acesso em: 20-07-2018},
  year = {2018}
}

@article{PMP+13,
  title={A comparison between BNN and regression polynomial methods for the evaluation of the effect of soiling in large scale photovoltaic plants},
  author={Pavan, A Massi and Mellit, Adel and De Pieri, Davide and Kalogirou, Soteris A},
  journal={Applied energy},
  volume={108},
  pages={392--401},
  year={2013},
  publisher={Elsevier}
}